@article{佐久間1941,
  author  = {佐久間, 鼎},
  title   = {構文と文脈},
  journal = {言語研究},
  year    = {1941},
  number  = {9},
  pages   = {1--16}
}

@article{服部1976,
  author  = {服部, 四郎},
  title   = {上代日本語の母音体系と母音調和},
  journal = {言語},
  year    = {1976},
  volume  = {5},
  number  = {6},
  pages   = {2--14}
}

@incollection{金田一1955,
  author    = {金田一, 京助},
  title     = {アイヌ語},
  booktitle = {世界言語概説 下},
  editor    = {市河, 三喜 and 服部, 四郎},
  publisher = {研究社},
  address   = {東京},
  pages     = {727--749},
  year      = {1955}
}

@incollection{上野1997,
  author    = {上野, 善道},
  title     = {アクセント・イントネーション・リズムとポーズ},
  booktitle = {世界言語概説 下},
  editor    = {国広, 哲弥 and 廣瀬, 肇 and 河野, 守夫},
  publisher = {三省堂},
  address   = {東京},
  pages     = {231--270},
  year      = {1955}
}

@book{柴谷1978,
  author    = {柴谷, 方良},
  title     = {日本語の分析：生成文法の方法},
  publisher = {大修館書店},
  address   = {東京},
  year      = {1978}
}

@book{林_南1974,
  editor    = {林, 四郎 and 南, 不二男},
  title     = {世界の敬語},
  publisher = {明治書院},
  address   = {東京},
  series    = {敬語講座},
  volume    = {8},
  year      = {1974}
}

@phdthesis{梶1992,
  author      = {梶, 茂樹},
  title       = {テンボ語音韻論：その共時態と通時態},
  school      = {京都大学},
  year        = {1992}
}

@inproceedings{橋本1966,
  author      = {橋本, 萬太郎},
  title       = {文法構造の関係概念と範疇概念},
  booktitle   = {日本言語学会第55回大会口頭発表},
  organizatio = {日本言語学会},
  address     = {京都大学},
  year        = {1966},
  month       = {10月16日}
}
