@article{Postal1970,
  author  = {Postal, Paul},
  title   = {On the surface verb "remind"},
  journal = {{L}inguistic {I}nquiry},
  year    = {1970},
  number  = {1},
  pages   = {37--120},
  note    = {}
}

@article{Kay_McDaniel1978,
  author  = {Kay, Paul and McDaniel, Chad K.},
  title   = {The linguistic significance of basic color terms},
  journal = {Language},
  year    = {1978},
  number  = {54},
  pages   = {610--646},
  note    = {}
}

@incollection{Kiparsky1968,
  author    = {Kiparsky, Paul},
  title     = {Linguistic universals and linguistic change},
  booktitle = {Universals in linguistic theory},
  editor    = {Emmon Bach and Robert T. Harms},
  publisher = {Holt, Rinehart and Winston},
  addendum  = {New York},
  year      = {1968},
  pages     = {171--202}
}

@book{Haegeman1994,
  author    = {Haegeman, Liliane},
  title     = {Introduction to government and binding theory},
  publisher = {Basil Blackwell},
  address   = {Oxford},
  edition   = {2},
  year      = {1994}
}

@book{Jakobson_etal1963,
  author    = {Jakobson, Roman and Fant, Gunnar and Halle, Morris},
  title     = {Preliminaries to speech analysis: The distinctive features and their correlates},
  publisher = {MIT Press},
  address   = {MA},
  year      = {1963}
}

@phdthesis{Sag1976,
  author      = {Sag, Ivan},
  title       = {Deletion and logical form},
  school      = {MIT},
  type        = {Unpublished doctoral dissertation},
  year        = {1976}
}

@inproceedings{Liberman2007,
  author       = {Liberman, Mark},
  title        = {The future of linguistics},
  booktitle    = {Invited plenary address at the 81st Annual Meeting of the Linguistic Society of America},
  organization = {Linguistic Society of America},
  address      = {Hilton Anaheim},
  year         = {2007},
  month        = {January~6}
}